<?xml version="1.0" encoding="UTF-8"?><collection xmlns="http://www.loc.gov/MARC21/slim"><record><leader>00606nam--2200169-i-4500</leader><controlfield tag="001">000012661</controlfield><controlfield tag="002">20161230</controlfield><controlfield tag="005">20161230201029</controlfield><controlfield tag="008">060222s1000------------r-----000-0-eng-d</controlfield><datafield ind1=" " ind2=" " tag="040"><subfield code="a">IFIN-HH</subfield></datafield><datafield ind1=" " ind2=" " tag="080"><subfield code="a">533.95(075.9)</subfield></datafield><datafield ind1="1" ind2=" " tag="110"><subfield code="a">International School Of Plasma Physics</subfield></datafield><datafield ind1="1" ind2="0" tag="245"><subfield code="a">Course on plasma diagnostics and data acquisition systems</subfield><subfield code="b">Varenna - villa monastero - italy, september, 3-11, 1975</subfield><subfield code="c">INTERNATIONAL SCHOOL OF PLASMA PHYSICS, Edited by A. Eubank and E. Sindoni</subfield></datafield><datafield ind1=" " ind2=" " tag="260"><subfield code="a">Bologna, Editrice Compositori, 1975</subfield></datafield><datafield ind1=" " ind2=" " tag="300"><subfield code="a">452P</subfield></datafield><datafield ind1=" " ind2=" " tag="852"><subfield code="a">44407</subfield><subfield code="c">533.9</subfield></datafield><datafield ind1=" " ind2=" " tag="CAT"><subfield code="a">Sys</subfield><subfield code="c">20100927</subfield><subfield code="h">160305</subfield></datafield></record></collection>